<record><leader>00000nas a22000007i 4500</leader><controlfield tag="001">985118560</controlfield><controlfield tag="008">170502c20179999nyumr ne      |   a0eng  </controlfield><datafield ind1=" " ind2=" " tag="010"><subfield code="a">  2017201576</subfield></datafield><datafield ind1=" " ind2=" " tag="040"><subfield code="a">DLC</subfield><subfield code="b">eng</subfield><subfield code="e">rda</subfield><subfield code="c">DLC</subfield></datafield><datafield ind1=" " ind2=" " tag="012"><subfield code="l">1</subfield></datafield><datafield ind1="1" ind2=" " tag="022"><subfield code="a">2572-9799</subfield><subfield code="2">1</subfield></datafield><datafield ind1=" " ind2=" " tag="037"><subfield code="b">Beacon Publications, PO Box 665, New Suffolk, New York 11956</subfield></datafield><datafield ind1=" " ind2=" " tag="042"><subfield code="a">nsdp</subfield><subfield code="a">pcc</subfield></datafield><datafield ind1="1" ind2="0" tag="050"><subfield code="a">ISSN RECORD</subfield></datafield><datafield ind1="0" ind2=" " tag="130"><subfield code="a">East End beacon (New Suffolk, N. Y.)</subfield></datafield><datafield ind1=" " ind2="0" tag="222"><subfield code="a">East End beacon</subfield><subfield code="b">(New Suffolk, N. Y.)</subfield></datafield><datafield ind1="0" ind2="0" tag="245"><subfield code="a">East End beacon.</subfield></datafield><datafield ind1=" " ind2="1" tag="264"><subfield code="a">New Suffolk, New York  :</subfield><subfield code="b">Beacon Publications,</subfield><subfield code="c">2017-</subfield></datafield><datafield ind1=" " ind2=" " tag="310"><subfield code="a">Monthly</subfield></datafield><datafield ind1=" " ind2=" " tag="336"><subfield code="a">text</subfield><subfield code="b">txt</subfield><subfield code="2">rdacontent</subfield></datafield><datafield ind1=" " ind2=" " tag="337"><subfield code="a">unmediated</subfield><subfield code="b">n</subfield><subfield code="2">rdamedia</subfield></datafield><datafield ind1=" " ind2=" " tag="338"><subfield code="a">volume</subfield><subfield code="b">nc</subfield><subfield code="2">rdacarrier</subfield></datafield><datafield ind1="1" ind2=" " tag="362"><subfield code="a">Began with: Volume 1, issue 1 (April 2017)</subfield></datafield><datafield ind1=" " ind2=" " tag="588"><subfield code="a">Description based on: Volume 1, issue 1 (April 2017) ; title from masthead.</subfield></datafield><datafield ind1=" " ind2=" " tag="588"><subfield code="a">Latest issue consulted: Volume 1, issue 1 (April 2017).</subfield></datafield><datafield ind1=" " ind2=" " tag="752"><subfield code="a">United States</subfield><subfield code="b">New York</subfield><subfield code="c">Suffolk County</subfield><subfield code="d">New Suffolk</subfield></datafield><datafield ind1="4" ind2="1" tag="856"><subfield code="u">http://www.eastendbeacon.com</subfield></datafield></record>